@book{unityShaders,
	title={Unity 5.x Shaders and Effects Cookbook},
	author={ZUCCONI, Alan and LAMMERS, Kenneth},
	year={2016},
	publisher={Packt Publishing},
	address={Birmingham},
}

@book{GLSLBook,
	title={OpenGL Shading Language},
	author={ROST, Randi J.},
	year={2006},
	publisher={Addison Wesley},
	address={Boston},
}

@book{godotEngine,
	title={Godot Engine Game Development in 24 Hours, Sams Teach Yourself: The Official Guide to Godot 3.0},
	author={MANZUR, Ariel and MARQUES, George},
	year={2018},
	publisher={Sams Publishing},
	address={Indianapolis},
}

@book{unrealEngine,
	title={Unreal Engine 4 Game Development in 24 Hours, Sams Teach Yourself},
	author={COOKSON, Aram and DOWLINGSOKA, Ryan and CRUMPLER, Clinton},
	year={2016},
	publisher={Sams Publishing},
	address={Indianapolis},
}

@misc{openGLBook,
  author       = "LUTEN, Eddy",
  title        = "OpenGLBook.com",
  note         = "Disponível em: https://openglbook.com/the-book.html. Acesso em: 25 out. 2021."
}

@misc{bookOfShaders,
  author       = "VIVO, Patricio Gonzalez and LOWE, Jen",
  title        = "The Book of Shaders",
  note         = "Disponível em: https://thebookofshaders.com/. Acesso em: 25 out. 2021."
}

@misc{openglOnline,
  author       = "Song Ho Ahn",
  title        = "OpenGL",
  note         = "Disponível em: http://www.songho.ca/opengl/index.html. Acesso em: 04 nov. 2021."
}

@book{HLSLBook,
	title={Real-Time 3D Rendering with DirectX and HLSL. A Practical Guide to Graphics Programming},
	author={Paul Varcholik},
	year={2014},
	publisher={Addison-Wesley Professional},
	address={Boston},
}

@misc{Direct3D,
  author       = "Microsoft",
  title        = "Compare the OpenGL ES 2.0 shader pipeline to Direct3D",
  note         = "Disponível em: \url{https://docs.microsoft.com/en-us/windows/uwp/gaming/change-your-shader-loading-code}. Acesso em: 07 nov. 2021."
}

@misc{GPGPU,
  author       = "TechTarget",
  title        = "GPGPU (general purpose graphics processing unit)",
  note         = "Disponível em: \url{https://whatis.techtarget.com/definition/GPGPU-general-purpose-graphics-processing-unit}. Acesso em: 08 nov. 2021."
}

@misc{homogenous,
  author       = "Song Ho Ahn",
  title        = "Homogeneous Coordinates",
  note         = "Disponível em: http://www.songho.ca/math/. Acesso em: 04 nov. 2021."
}

@misc{abdala,
  author       = "ABDALA, Daniel Duarte",
  title        = "Primitivas Gráficas 2D",
  year         = "Uberlândia: Facom/Ufu, 2019",
  note         = "74 slides, color. Disponível em: \url{http://www.facom.ufu.br/~abdala/GBC204/03_primitivas2D.pdf}. Acesso em: 31 out. 2021."
}

@misc{pipeline,
  author       = "Anselmo Montenegro",
  title        = "Computação Gráfica I",
  howpublished = "Niterói: Instituto de computação UFF, [2017?]",
  note         = "99 slides, color. Disponível em: \url{http://www.ic.uff.br/~anselmo/cursos/CGI/slidesGrad/CG_aula4(introducaoaOpenGL).pdf}. Acesso em: 02 nov. 2021."
}

@misc{pipelnRef,
  author       = "Thales Vieira",
  title        = "OpenGL",
  howpublished = "Maceió: Instituto de computação UFAL, [2017?]",
  note         = "9 slides, color. Disponível em: \url{https://ic.ufal.br/professor/thales/OpenGL.pdf}. Acesso em: 02 nov. 2021."
}

@misc{figura1,
    title = "IBM CGA graphics card",
    note  = {Disponível em: \url{https://upload.wikimedia.org/wikipedia/commons/5/55/IBM_Color_Graphics_Adapter.jpg}. Acesso em: 26 out. 2021}
}

@misc{tesselation,
  title = "Tesselation Level Table",
  note = {Disponível em: \url{https://upload.wikimedia.org/wikipedia/commons/f/fc/Tessellation_Level_Table.png}. Acesso em: 08 nov. 2021}
}

@misc{spaces,
    title = "Coordinate Systems",
    note  = {Disponível em: \url{https://learnopengl.com/img/getting-started/coordinate_systems.png}. Acesso em: 05 nov. 2021}
}

@misc{figura2,
    title = "SKETCHPAD",
    note  = {Disponível em: \url{http://i0.wp.com/www.designleap.org/wp-content/uploads/2014/06/Sketchpad-Ivan-Sutherland-1963.jpg?resize=572\%2C572}. Acesso em: 26 out. 2021}
}

@misc{figura3,
    title = "WOLFENSTEIN VS DOOM – The battle of the first person shooters! - Retro Refurbs",
    note  = {Disponível em: \url{https://www.retrorefurbs.com/wolfenstein-vs-doom-the-battle-of-the-first-person-shooters/}. Acesso em: 26 out. 2021}
}

@misc{figura4a,
    title = "KL\_NVIDIA\_Geforce\_256.jpg",
    note  = {Disponível em: \url{https://upload.wikimedia.org/wikipedia/commons/c/c1/KL_NVIDIA_Geforce_256.jpg}. Acesso em: 27 out. 2021}
}

@misc{figura4b,
    title = "VisionTek\_GeForce\_256.jpg",
    note  = {Disponível em: \url{https://upload.wikimedia.org/wikipedia/commons/e/e1/VisionTek_GeForce_256.jpg}. Acesso em: 27 out. 2021}
}

@misc{figura5,
    title = "hologram planet",
    note  = {Disponível em: \url{https://www.youtube.com/watch?v=F0CWzpYY68A&t=2s}. Acesso em: 29 out. 2021}
}

@misc{stcbuf,
    title = "Stencil Buffers",
    note  = {Disponível em: \url{https://www.ronja-tutorials.com/assets/images/posts/022/Result.gif}. Acesso em: 01 nov. 2021}
}

@misc{dptbuf,
    title = "Z-buffering",
    note  = {Disponível em: \url{https://larranaga.github.io/Blog/imagenes/z-buffer.png}. Acesso em: 01 nov. 2021}
}

@article{quatroautores,
	title={Real-time prediction of hand trajectory 
	by ensembles of cortical neurons in primates},
	author={Wessberg, Johan and Stambaugh, Christopher R and 
	Kralik,Jerald D and 
	Beck, Pamela D and Laubach, Mark and 
	Chapin, John K and Kim, Jung and Biggs, S James and 
	Srinivasan, Mandayam A and Nicolelis, Miguel AL},
	journal={Nature},
	volume={408},
	number={6810},
	pages={361--365},
	year={2000},
	publisher={Nature Publishing Group}
}

@misc{lamport,
	title={Document Preparation System},
	author={Lamport, L. and LaTEX, A.},
	year={1994},
	publisher={Addison-Wesley}
}

@monography{unityHistory,
    address={Worcester, MA, Estados Unidos},
    author={Haas, John K},
    pages={44},
    pagename={p.},
    school={Worcester Polytechnic Institute},
    title={A History of the Unity Game Engine},
    type={Graduação},
    year={2014}
}

@article{mortalidade,
	title={Mortalidade neonatal: fatores de risco em um município no sul do Brasil},
	author={MARAM, E. and UCHIMURA, T. T.},
	journal={Rev. Eletr. Enf.},
	volume={10},
	number={1},
	pages={29-38},
	year={2008},
}


